@inproceedings{AlexNet,
  author       = {Alex Krizhevsky and
                  Ilya Sutskever and
                  Geoffrey E. Hinton},
  editor       = {Peter L. Bartlett and
                  Fernando C. N. Pereira and
                  Christopher J. C. Burges and
                  L{\'{e}}on Bottou and
                  Kilian Q. Weinberger},
  title        = {ImageNet Classification with Deep Convolutional Neural Networks},
  booktitle    = {Advances in Neural Information Processing Systems 25: 26th Annual
                  Conference on Neural Information Processing Systems 2012. Proceedings
                  of a meeting held December 3-6, 2012, Lake Tahoe, Nevada, United States},
  pages        = {1106--1114},
  year         = {2012},
  url          = {https://proceedings.neurips.cc/paper/2012/hash/c399862d3b9d6b76c8436e924a68c45b-Abstract.html},
  timestamp    = {Mon, 16 May 2022 15:41:51 +0200},
  biburl       = {https://dblp.org/rec/conf/nips/KrizhevskySH12.bib},
  bibsource    = {dblp computer science bibliography, https://dblp.org}
}